% This file was created with JabRef 2.9.2.
% Encoding: UTF8

@BOOK{Almanah,
	title = {Введение в проблематику Смарт Сити},
	publisher = {Овчинников А.},
	year = {2015},
	author = {Овчинников А.},
	pages = {3-7},
}

@BOOK{Python,
	title = {Python на практике},
	publisher = {ДМК Пресс},
	year = {2016},
	author = {Марк Саммерфилд},
}

@BOOK{Harrison,
	title = {Theory of smart cities.},
	publisher = {UK},
	year = {2011},
	author = {Harrison C., Donnelly I.A.},
	pages = {1-15},
}

@ARTICLE{smartcity,
	title = {Информационные технологии в Москве},
	timestamp = {2018.12.15},
	url = {https://www.mos.ru/city/projects/smartcity/}
}

@ARTICLE{NK,
	author = {Алексей Лагутенков},
	title = {«Умный город»: от концепции к воплощению},
	journal = {Наука и жизнь},
	year = {2018},
	number = {8},
	timestamp = {2018.12.15},
	url = {https://www.nkj.ru/archive/articles/34224/}
}

@ARTICLE{journal,
	title = {Автоматизированная система	контроля количества	и качества предоставления коммунальных услуг населению города},
	author = {Василий Карпов},
	year = {2007.04.},
	url = {https://www.cta.ru/cms/f/?/364254.pdf}
}

@ARTICLE{journal2,
	title = {Система сбора и обработки данных узлов учета тепловой энергии в ЖКХ "СКАУТ-тепло"},
	author = {Роза Тенякова},
	year = {2010.03.},
	url = {https://www.cta.ru/cms/f/434758.pdf}
}

@BOOK{firebird,
	title = {Firebird руководство разработчика баз данных},
	publisher = {БХВ Петербург},
	year = {2006},
	author = {Хелен Борри},
}

@ARTICLE{sanext,
	title = {Datasheet SANEXT Mono},
	year = {2020.03.10},
	url = {http://sanext.ru/teploschetchiki_sanext}
}

@ARTICLE{Raspberry,
	title = {Официальный сайт Raspberry Pi},
	year = {2020.05.15},
	url = {https://www.raspberrypi.org/products/raspberry-pi-2-model-b/}
}

@ARTICLE{resurce,
	title = {Официальный сайт АСКУЭ «Ресурс»},
	year = {2020.05.19},
	url = {http://resurs.bolid.ru//index.php}
}

@ARTICLE{strij,
	title = {Официальный сайт системы «СТРИЖ»},
	year = {2020.05.19},
	url = {https://strij.tech/}
}

@ARTICLE{PyQt5,
	title = {Официальный сайт PyQt5},
	year = {2020.05.02},
	url = {www.riverbankcomputing.co.uk/news}
}

@ARTICLE{itelma,
	title = {Официальный сайт itelma},
	year = {2020.03.06},
	url = {https://itelma.com/products/category/1103575}
}

@ARTICLE{saures,
	title = {Официальный сайт saures},
	year = {2020.03.06},
	url = {https://www.saures.ru/katalog/itelma/schetchik-vody-kholodnoy-itelma-wfk-23-d110/}
}

@ARTICLE{incotexcom,
	title = {Официальный сайт ГК «Инкотекс»},
	year = {2020.03.06},
	url = {https://www.incotexcom.ru/catalogue/m201}
}

@ARTICLE{fdb,
	title = {Документация по fdb},
	year = {2020.03.04},
	url = {https://pythonhosted.org/fdb/}
}

@ARTICLE{psycopg,
	title = {Официальный сайт psycopg},
	year = {2020.03.09},
	url = {https://www.psycopg.org/}
}
@comment{jabref-meta: selector_publisher:}

@comment{jabref-meta: selector_author:}

@comment{jabref-meta: selector_journal:}

@comment{jabref-meta: selector_keywords:}

